<?xml version="1.0" encoding="UTF-8"?><collection xmlns="http://www.loc.gov/MARC21/slim"><record><leader>00501nam--2200181-u-4500</leader><controlfield tag="001">000054838</controlfield><controlfield tag="002">20161230</controlfield><controlfield tag="005">20161230201051</controlfield><controlfield tag="008">120619s1000------------r-----000-0-ger-d</controlfield><datafield ind1=" " ind2=" " tag="040"><subfield code="a">IFIN-HH</subfield></datafield><datafield ind1=" " ind2=" " tag="041"><subfield code="a">ger</subfield></datafield><datafield ind1=" " ind2=" " tag="080"><subfield code="a">539.171.4(043)</subfield></datafield><datafield ind1="1" ind2=" " tag="100"><subfield code="a">Martin, Wolfram</subfield></datafield><datafield ind1="1" ind2="0" tag="245"><subfield code="a">Neutronenstreuexperimente und dichtemessungen an cs-au-schmelzen</subfield><subfield code="b">Dissertation</subfield><subfield code="c">Wolfram martin</subfield></datafield><datafield ind1=" " ind2=" " tag="260"><subfield code="a">Stuttgart</subfield><subfield code="b">Universitat</subfield><subfield code="c">1979</subfield></datafield><datafield ind1=" " ind2=" " tag="300"><subfield code="a">105P</subfield></datafield><datafield ind1=" " ind2=" " tag="852"><subfield code="a">47399</subfield><subfield code="c">539.17</subfield></datafield><datafield ind1=" " ind2=" " tag="CAT"><subfield code="a">Sys</subfield><subfield code="c">20120619</subfield><subfield code="h">093238</subfield></datafield></record></collection>